@article{edmunds2000problem,
  title={The problem of information overload in business organisations: a review of the literature},
  author={Edmunds, Angela and Morris, Anne},
  journal={International journal of information management},
  volume={20},
  number={1},
  pages={17--28},
  year={2000},
  publisher={Elsevier}
}

@inproceedings{davidson2010youtube,
  title={The YouTube video recommendation system},
  author={Davidson, James and Liebald, Benjamin and Liu, Junning and Nandy, Palash and Van Vleet, Taylor and Gargi, Ullas and Gupta, Sujoy and He, Yu and Lambert, Mike and Livingston, Blake and others},
  booktitle={Proceedings of the fourth ACM conference on Recommender systems},
  pages={293--296},
  year={2010}
}

@article{isinkaye2015recommendation,
  title={Recommendation systems: Principles, methods and evaluation},
  author={Isinkaye, Folasade Olubusola and Folajimi, Yetunde O and Ojokoh, Bolande Adefowoke},
  journal={Egyptian informatics journal},
  volume={16},
  number={3},
  pages={261--273},
  year={2015},
  publisher={Elsevier}
}

@article{goyani2020review,
  title={A review of movie recommendation system: Limitations, Survey and Challenges},
  author={Goyani, Mahesh and Chaurasiya, Neha},
  journal={ELCVIA: electronic letters on computer vision and image analysis},
  volume={19},
  number={3},
  pages={0018--37},
  year={2020}
}